@ARTICLE{Miller2015,
  author =	 {{Miller}, M.~C. and {Miller}, J.~M.},
  title =	 "{The masses and spins of neutron stars and
                  stellar-mass black holes}",
  journal =	 {\physrep},
  archivePrefix ="arXiv",
  eprint =	 {1408.4145},
  primaryClass = "astro-ph.HE",
  keywords =	 {Accretion disks, Black holes, Gravitational waves,
                  Neutron stars},
  year =	 2015,
  month =	 jan,
  volume =	 548,
  pages =	 {1-34},
  doi =		 {10.1016/j.physrep.2014.09.003},
  adsurl =	 {http://adsabs.harvard.edu/abs/2015PhR...548....1M},
  adsnote =	 {Provided by the SAO/NASA Astrophysics Data System}
}

@ARTICLE{O1-BBH,
  author =	 {{Abbott}, B.~P. and {Abbott}, R. and {Abbott},
                  T.~D. and {Abernathy}, M.~R. and {Acernese}, F. and
                  {Ackley}, K. and {Adams}, C. and {Adams}, T. and
                  {Addesso}, P. and {Adhikari}, R.~X. and et al.},
  title =	 "{Binary Black Hole Mergers in the First Advanced
                  LIGO Observing Run}",
  journal =	 {Physical Review X},
  archivePrefix ="arXiv",
  eprint =	 {1606.04856},
  primaryClass = "gr-qc",
  year =	 2016,
  month =	 oct,
  volume =	 6,
  number =	 4,
  eid =		 041015,
  pages =	 041015,
  doi =		 {10.1103/PhysRevX.6.041015},
  adsurl =	 {http://adsabs.harvard.edu/abs/2016PhRvX...6d1015A},
  adsnote =	 {Provided by the SAO/NASA Astrophysics Data System}
}

